<record><leader>00000cas a22000007a 4500</leader><controlfield tag="001">16774758</controlfield><controlfield tag="008">870929d19311931txudr ne      0    0eng d</controlfield><datafield ind1=" " ind2=" " tag="010"><subfield code="a">sn 87090879 </subfield></datafield><datafield ind1=" " ind2=" " tag="040"><subfield code="a">PPM</subfield><subfield code="b">eng</subfield><subfield code="c">PPM</subfield><subfield code="d">OCLCQ</subfield></datafield><datafield ind1=" " ind2=" " tag="042"><subfield code="a">msc</subfield></datafield><datafield ind1="0" ind2="0" tag="245"><subfield code="a">Tri-cities sun.</subfield></datafield><datafield ind1=" " ind2=" " tag="260"><subfield code="a">Goose Creek, Tex. :</subfield><subfield code="b">Peoples Print. Co.</subfield></datafield><datafield ind1=" " ind2=" " tag="310"><subfield code="a">Daily</subfield></datafield><datafield ind1="1" ind2=" " tag="362"><subfield code="a">Began in 1931; ceased in 1931.</subfield></datafield><datafield ind1=" " ind2=" " tag="588"><subfield code="a">Description based on: Vol. 13, no. 41 (July 19, 1931).</subfield></datafield><datafield ind1=" " ind2=" " tag="752"><subfield code="a">United States</subfield><subfield code="b">Texas</subfield><subfield code="c">Harris</subfield><subfield code="d">Goose Creek.</subfield></datafield><datafield ind1="0" ind2="0" tag="780"><subfield code="t">Daily tribune (Goose Creek, Tex.)</subfield><subfield code="w">(DLC)sn 87090363</subfield></datafield><datafield ind1="0" ind2="0" tag="785"><subfield code="t">Daily sun (Goose Creek, Tex.)</subfield><subfield code="w">(DLC)sn 86089166</subfield></datafield></record>